<record><leader>00000cas a22000007a 4500</leader><controlfield tag="001">12698698</controlfield><controlfield tag="008">851021c19789999wvudr ne      0    0eng d</controlfield><datafield ind1=" " ind2=" " tag="010"><subfield code="a">sn 85059588 </subfield></datafield><datafield ind1=" " ind2=" " tag="040"><subfield code="a">WVC</subfield><subfield code="b">eng</subfield><subfield code="c">WVC</subfield><subfield code="d">OCL</subfield><subfield code="d">OCLCQ</subfield></datafield><datafield ind1=" " ind2=" " tag="042"><subfield code="a">msc</subfield></datafield><datafield ind1="0" ind2=" " tag="130"><subfield code="a">Evening journal (Martinsburg, W. Va. : 1978)</subfield></datafield><datafield ind1="1" ind2="4" tag="245"><subfield code="a">The Evening journal.</subfield></datafield><datafield ind1=" " ind2=" " tag="260"><subfield code="a">Martinsburg, W. Va. :</subfield><subfield code="b">Journal Publ. Co.,</subfield><subfield code="c">1978-</subfield></datafield><datafield ind1=" " ind2=" " tag="300"><subfield code="a">v.</subfield></datafield><datafield ind1=" " ind2=" " tag="310"><subfield code="a">Daily</subfield></datafield><datafield ind1="0" ind2=" " tag="362"><subfield code="a">Vol. 71, no. 196 (Jan. 2, 1978)-</subfield></datafield><datafield ind1=" " ind2=" " tag="752"><subfield code="a">United States</subfield><subfield code="b">West Virginia</subfield><subfield code="c">Berkeley</subfield><subfield code="d">Martinsburg.</subfield></datafield><datafield ind1="0" ind2="0" tag="780"><subfield code="t">Martinsburg journal</subfield><subfield code="w">(DLC)sn 85059587</subfield></datafield><datafield ind1="1" ind2=" " tag="029"><subfield code="a">AU@</subfield><subfield code="b">000025096933</subfield></datafield></record>